<record><leader>00000cas a2200000 a 4500</leader><controlfield tag="001">12432347</controlfield><controlfield tag="008">850828d19281986riuwr ne      0    0eng  </controlfield><datafield ind1=" " ind2=" " tag="010"><subfield code="a">sn 85042450 </subfield></datafield><datafield ind1=" " ind2=" " tag="040"><subfield code="a">DLC</subfield><subfield code="b">eng</subfield><subfield code="c">DLC</subfield><subfield code="d">RHN</subfield><subfield code="d">NSD</subfield><subfield code="d">OCLCQ</subfield><subfield code="d">DLC</subfield><subfield code="d">OCLCQ</subfield><subfield code="d">OCLCF</subfield></datafield><datafield ind1="1" ind2=" " tag="029"><subfield code="a">AU@</subfield><subfield code="b">000041284938</subfield></datafield><datafield ind1=" " ind2=" " tag="042"><subfield code="a">pcc</subfield></datafield><datafield ind1=" " ind2=" " tag="043"><subfield code="a">n-us-ri</subfield></datafield><datafield ind1="0" ind2="0" tag="050"><subfield code="a">Newspaper</subfield></datafield><datafield ind1="0" ind2="0" tag="245"><subfield code="a">Newport mercury and weekly news.</subfield></datafield><datafield ind1="3" ind2="0" tag="246"><subfield code="a">Newport mercury</subfield></datafield><datafield ind1=" " ind2=" " tag="260"><subfield code="a">Newport, R.I. :</subfield><subfield code="b">T.T. Pitman Corp.</subfield></datafield><datafield ind1=" " ind2=" " tag="300"><subfield code="a">v.</subfield></datafield><datafield ind1=" " ind2=" " tag="310"><subfield code="a">Weekly</subfield></datafield><datafield ind1="0" ind2=" " tag="362"><subfield code="a">Vol. 170, no. 48 (May 4, 1928)-v. 229, no. 52 (Dec. 26, 1986).</subfield></datafield><datafield ind1=" " ind2=" " tag="500"><subfield code="a">Published as: Newport mercury, May 12, 1972-May 17, 1974. Title unchanged in publisher's statement.</subfield></datafield><datafield ind1=" " ind2=" " tag="515"><subfield code="a">Issues for May 4, 1928-May 5, 1972 called also whole no. 9,700-whole no. 11,947.</subfield></datafield><datafield ind1=" " ind2=" " tag="530"><subfield code="a">Also issued from the Library of Congress, Photoduplication Service.</subfield></datafield><datafield ind1=" " ind2=" " tag="580"><subfield code="a">Daily ed.: Newport daily news, 1928-1977.</subfield></datafield><datafield ind1=" " ind2="0" tag="651"><subfield code="a">Newport (R.I.)</subfield><subfield code="v">Newspapers.</subfield></datafield><datafield ind1=" " ind2="7" tag="655"><subfield code="a">Newspapers.</subfield><subfield code="2">fast</subfield><subfield code="0">(OCoLC)fst01423814</subfield></datafield><datafield ind1=" " ind2="7" tag="651"><subfield code="a">Rhode Island</subfield><subfield code="z">Newport.</subfield><subfield code="2">fast</subfield><subfield code="0">(OCoLC)fst01210119</subfield></datafield><datafield ind1=" " ind2=" " tag="752"><subfield code="a">United States</subfield><subfield code="b">Rhode Island</subfield><subfield code="c">Newport</subfield><subfield code="d">Newport.</subfield></datafield><datafield ind1="0" ind2=" " tag="775"><subfield code="t">Newport daily news</subfield><subfield code="w">(DLC)sn 83021172</subfield><subfield code="w">(OCoLC)9882960</subfield></datafield><datafield ind1="0" ind2="4" tag="780"><subfield code="t">Newport mercury (Newport, R.I. : 1759)</subfield><subfield code="w">(DLC)sn 83021176</subfield><subfield code="w">(OCoLC)9874475</subfield></datafield><datafield ind1="0" ind2="4" tag="780"><subfield code="t">Newport journal and weekly news</subfield><subfield code="w">(DLC)sn 91070510</subfield><subfield code="w">(OCoLC)24231761</subfield></datafield><datafield ind1="0" ind2="0" tag="785"><subfield code="t">Newport mercury (Newport, R.I. : 1987)</subfield><subfield code="x">1083-7728</subfield><subfield code="w">(DLC)sn 91070516</subfield><subfield code="w">(OCoLC)24290526</subfield></datafield></record>